 
@article{kuhlwoll,
author={Sabine Kuhlmann und Hellmut Wollmann},
year={2010},
title={Verwaltung in Europa. Verwaltungssysteme und –reformen in vergleichender Perspektive}, journal={Studienkurs an der Fern-Universität Hagen},
language={german}
}
@book{Biberaj, 
author={Biberaj, Elez}, 
title={Albania in Transition. The Rocky Road to Democracy},
address={Oxford}, 
year={1999} 
}
@book{kuhlmann03,
author ={Kuhlmann, Sabine},
title={Rechtsstaatliches Verwaltungshandeln in Ostdeutschland. Eine Studie zum Gesetzesvollzug in der lokalen Bauverwaltung},
address={Opladen},
year={2003}
}
@book{blago69,
editor={Blagojević, Borislav},
year={1969},
title={Law on General Administrative Procedure},
address={Belgrad}
}
@misc{vertrLiss,
howpublished={Amtsblatt der Europäischen Union},
year={2007},
title={Vertrag von Lissabon zur Änderung des Vertrages über die Europäische Union und des Vertrages zur Gründung der Europäischen Gemeinschaft},
address={Brüssel}
}
@article{anlyt07,
year={2007},
journal={Analytica},
title={Evaluation of Public Administration Reforms in Macedonia},
address={Skopje}
}
@article{analyt09,
journal={Analytica},
year={2009},
title={Rightsizing Public Administration in Macedonia. A reform postponed to an uncertain time}, address={Skopje}
}
@article{analyt11,
journal={Analytica},
year={2011},
title={Newsletter: Public Administration Reform and EU Integration}, 
address={Skopje}
}
@unpublished{apelb07,
author={Apelblat, Mose},
year={2007},
title={Public Administration Reform. A Rethink for the Broader Approach of Governance and Public Sector Reform},
note={unveröffentlichtes Diskussionspapier},
address={Brüssel}
}
@unpublished{apelb09,
author={Apelblat, Mose},
year={2009},
title={Proposal for co-ordination function in DG ELARG for public administration reform (PAR)},
note={unveröffentlichtes Diskussionspapier},
address={Brüssel}
}
@incollection{bark01,
author={Barker, Elisabeth},
year={2001},
title={The origin of the Macedonian dispute},
editor={Pettifer, James},
booktitle={The New Macedonian Question},
address={Basingstoke, New York},
pages={3-14}
}
@inbook{batal98,
author={Batalden, Stephen},
year={1998},
title={Framing the Macedonian Question: Myth and History in the Balkans},
editor={Tritle, Lawrence},
booktitle={Balkan Currents, Studies in History, Culture and Society of a Divided Land},
address={Los Angeles},
pages={119-133}
}
@book{bech09,
author={Bechev, Dimitar},
year={2009},
title={Historical Dictionary of the Republic of Macedonia},
address={Lanham, Toronto, Plymouth}
}
@book{beckm90,
author={Beckmann-Petey, Monika},
year={1990},
title={Der jugoslawische Föderalismus},
address={München}
} 
@book{bert06,
editor={Bertelsmann Stiftung},
year={2006},
title={Bertelsmann Transformations- Index. Auf dem Weg zur marktwirtschaftlichen Demokratie},
address={Gütersloh}
}
@book{bert12,
editor={Bertelsmann Stiftung},
year={2012},
title={Bertelsmann Transformation Index. Ländergutachten Montenegro},
address={Gütersloh}
}
@book{bert12a,
editor={Bertelsmann Stiftung},
year={2012},
title={Bertelsmann Transformation Index. Ländergutachten Mazedonien},
address={Gütersloh}
}
@book{bert12b,
editor={Bertelsmann Stiftung},
year={2012},
title={Bertelsmann Transformation Index. Ländergutachten Albanien},
address={Gütersloh}
}
@inbook{beyme,
author={Beyme, Klaus von},
year={1994},
title={Ansätze zu einer Theorie der Transformation der ex-sozialistischen Länder Osteuropas},
booktitle={Systemwechsel: Theorien, Ansätze und Konzeptionen},
volume={1},
editor={Merkel, Wolfgang},
pages={141-173},
address={Opladen}
} 
@book{blaisd,
author={Blaisdell, Donald},
year={1929},
title={European Financial Control in the Ottoman Empire, A study on the establishment, activities, and the significance of the Administration of the Ottoman Public Debt},
address={New York}
}
@book{boeck,
author={Boeckh, Katrin},
year={1996},
title={Von den Balkankriegen zum Ersten Weltkrieg. Kleinstaatenpolitik und ethnische Selbstbestimmung auf dem Balkan},
address={Oldenbourg}
}
@inbook{bogmenz,
author={Bogner, Alexander and Menz, Wolfgang},
year={2002},
title={Das Theoriegenerierende Experteninterview. Erkenntnisinteresse, Wissensform, Interaktion},
booktitle={Das Experteninterview. Theorie, Methode, Anwendung},
publisher={Bogner, Alexander and Littig, Beate and  Menz, Wolfgang},
address={Opladen},
pages={33-71}
}
@book{bogujan,
author={Bogumil, Jörg and Jann, Werner},
year=2005,
title={Verwaltung und Verwaltungswissenschaft in Deutschland. Einführung in die Verwaltungswissenschaft},
address={Wiesbaden}
}
@incollection{boerzel,
author={Börzel, Tanja},
year=2000,
title={Europäisierung und innerstaatlicher Wandel, Zentralisierung und Entparlamentarisierung?},
booktitle={Politische Vierteljahresschrift (PVS)},
volume=2,
month=jun,
pages={225-250}
}
@incollection{boerri00,
author={Börzel, Tanja and Risse, Thomas},
year=2000,
title={When Europe hits home: Europeanization and domestic change},
booktitle={European Integration Online Paper 4},
publisher={European University Institute Florenz}
}
@inbook{boerri07,
author={Börzel, Tanja and Risse, Thomas},
year=2007,
title={Europeanization: The Domestic Impact of European Union Politics},
booktitle={Handbook of European Union Politics},
editor={Jorgensen, Knud and Pollak, Mark and Rosamond, Ben},
address={London, Thousand Oaks, New Delhi},
pages={483-504}
} 

@book{bosdem,
author={Bossart, Danielle and Demmke, Christoph},
year=2003,
title={Civil Service in the Accession States. New Trends and the Impact of the Integration Process},
address={Maastricht}
}
@book{brepohl,
author={Brepohl, Friedrich Wilhelm},
year=1913,
title={Von der Theokratie zum Königtum. Ein Überblick über die geschichtliche Entwicklung Montenegros nebst einer Randglosse zur Skutari-Frage},
address={Leipzig}
}

@article {brusis02,
author = {Brusis, Martin},
title = {Between EU Requirements, Competitive Politics, and National Traditions: Re–creating Regions in the Accession Countries of Central and Eastern Europe},
journal = {Governance. An International Journal of Policy and Administration},
volume = {15},
number = {4},
publisher = {Blackwell Publishers Inc.},
pages = {531--559},
year = {2002},
}
@incollection{brusis09,
  title={Indirekte Effekte der EU-Beitrittskonstellation für die Demokratien in Beitrittsländern},
  author={Brusis, Martin},
  booktitle={Externe Faktoren der Demokratisierung},
  address={Baden-Baden},
  pages={195-212},
  editor={Erdmann, Gero and Keuner, Marianne},
  year={2009}
}

@incollection{brusgal,
author={Brusis,Martin and Galer, Nathan},
year=2001,
title={Southeastern Europe and the European Union: Problems, Actors, Policies},
booktitle={Beyond EU-Enlargement Vol.2},
editor={van Meurs, Wim},
booksubtitle={The Agenda of Stabilisation for South Eastern Europe},
page={43-72}
}
@article{bulmer07,
  title={Theorizing Europeanization},
  author={Bulmer, Simon},
  journal={Europeanization: New research agendas},
  pages={46-58},
  year={2007},
  editor={Graziano, Paolo and Vink, Marten },
  publisher={Palgrave Macmillan Basingstoke}
}
@incollection{butiu,
author={Butiu, Ciresica},
year=2008,
title={DG ADMIN’s perspective on Public Administration Reform in enlargement countries},
booktitle={2nd SIGMA networking seminar 27-28 November},
address={Paris}
} 
@inbook{calic01,
author={Calic, Marie-Janine},
year=2001,
title={Der Stabilitätspakt für Südosteuropa. Eine erste Bilanz},
maintitle={Aus Politik und Zeitgeschichte},
booktitle={Südosteuropa -Türkei - Naher Osten},
volume={13-14},
pages={9-16}
}
@book{calic10,
author={Calic, Marie-Janine},
year=2010,
title={Geschichte Jugoslawiens im 20. Jahrhundert},
address={Bonn}
}
@inproceedings{cardona09,
  title={Integrating national administrations into the European Administrative Space},
  author={Cardona, Francisco},
  booktitle={SIGMA Conference on Public Administration Reform and European Integration, Budva, Montenegro 26-27 March 2009}
}
@book{chek,
author={Chekrezi, Constantine},
year=1919,
title={Albania. Past and present},
address={New York}
}
@book{clark,
author={Clark, David},
year=1951,
title={Plane and Geodetic Surveying for Engineers},
volume=2,
address={London}
}
@incollection{coombes,
author={Coombes, David},
year=2006,
title={Redesigning technical Assistance for Professional Public Administration in CEE and the CIS}, booktitle={Paper for 14th Annual Conference of NISPA},
address={Ljubljana}
}
@book{cooper,
author={Cooper, Chris and Johansen, Mikael},
year=2003,
title={An Evaluation of Completed Twinning Projects}
}
@misc{cowi,
editor={COWI},
year=2008,
title={Ad Hoc Evaluation of the CARDS Programmes. Country: Albania},
address={Brussels}
}
@article{czada2010,
  title={Good Governance als Leitkonzept für Regierungshandeln: Grundlagen. Anwendungen. Kritik},
  author={Czada, Roland},
  journal={Governance--Regieren in komplexen Regelsystemen: Eine Einführung},
  publisher={VS Verlag},
  address={Wiesbaden},
  pages={201-224},
  year={2010}
}

@book{czerwick,
author={Czerwick, Edwin},
year=2001,
title={Bürokratie und Demokratie: Grundlegung und theoretische Neustrukturierung der Vereinbarkeit von öffentlicher Verwaltung und demokratischem System},
address={Berlin}
}

@article{dorta,
title={What Future for the European Administrative Space},
author={D’Orta, Carlo},
journal={EIPA, Working Paper},
address={Maastricht},
year=2003
}
@article{deeke,
  title={Experteninterviews-ein methodologisches und forschungspraktisches Problem},
  author={Deeke, Axel},
  journal={Brinkmann, Christian, Deeke, Axel und Völkel, Brigitte (Hg.): Experteninterviews in der Arbeitsmarktforschung. Diskussionsbeiträge zu methodischen Fragen und praktischen Erfahrungen, Beiträge zur Arbeitsmarkt- und Berufsforschung 191,Nürnberg},
  pages={7-22},
  year={1995}
}
@booklet{deza,
title={Strategie Albanien 2001 – 2004},
howpublished={DEZA (Direktion für Entwicklung und Zusammenarbeit), Zürich},
year=2001}

@book{did,
author={Dhimitri, Albana and Ikonomi, Belinda and Dhuka, Majlinda},
year=2006,
title={Regional Development Policy Performance in Albania},
address={Tirana}
}
@incollection{diaman,
author={Diamandouros, Nikiforos and Larrabee, Stephen},
year=2000,
title={Political culture and democratization in the Balkans},
editor={Pridham, Geoffrey and Gallagher, Tom},
booktitle={Experimenting with Democracy: Regime Change in the Balkans},
address={London},
pages={24-65}
} 
@book{dickel,
author={Dickel, Karl},
year=1898,
title={Über das neue bürgerliche Gesetzbuch für Montenegro und die Bedeutung seiner Grundsätze für die Kodifikation im Allgemeinen mit Bemerkungen über den neuen Entwurf eines deutschen bürgerlichen Gesetzbuches},
address={Berlin}
}
@article{dimenski,
author={Dimeski, Branko},
year=2011,
title={Public Administration Reform Process in Macedonia: Between Politics and Good Governance},
journal={International Journals of Politics and Good Governance},
volume=2,
pages={1-14}
}
@book{dimgoe,
author={Dimitrov, Vesselin and Goetz, Klaus{ H.} and Wollmann, Helmut},
year=2006,
title={Governing after Communism. Institutions and Policymaking},
address={Lanham}
}
@article{dimit02,
author={Dimitrova, Antoaneta},
year=2002,
title={Governance by Enlargement? The case of the administrative capacity requirement in the EU’s Eastern enlargement},
journal={West European Politics},
volume=25,
pages={171-90}
}
@incollection{dimit04,
author={Dimitrova, Antoaneta},
year=2004,
title={Enlargement driven change and post communist transformations: A new perspective},
editor={Antoaneta, Dimitrova},
booktitle={Driven to Change: The European Union’s Enlargement Viewed from the East},
address={Manchester},
pages={1-17}
}
@incollection{dimit05,
author={Dimitrova, Antoaneta},
year=2005,
title={Europeanization and Civil Service Reform in Central and Eastern Europe},
editor={Frank Schimmelfennig and Ulrich Sedelmeier},
booktitle={The Europeanization of Central and Eastern Europe},
address={Ithaca and London},
pages={71-91}
}
@article{dimpri,
author={Dimitrova, Antoaneta and Pridham, Geoffrey},
year=2004,
title={International Actors and Democracy Promotion in Central and Eastern Europe: The Integration Model and its Limits},
journal={Democratization},
volume=5, 
pages={91-112}
}
@incollection{dobr,
author={Dobrkovic, Nina},
year=2001,
title={Yugoslavia and Macedonia in the years 1991-6: from brotherhood to neighbourhood},
editor={Pettifer, James},
booktitle={The New Macedonian Question},
publisher={Basingstoke},
address={New York},
pages={79-95}
}
@article{dunhoo,
author={Dunleavy, Patrick and Hood, Christopher},
year=1994,
title={From Old Public Administration to New Public Management},
journal={Public Money \& Management, July-September},
pages={9-16}
}
@book{dzamuk,
author={Džankić, Jelena and Muk, Stevo and Uljarević, Daliborka},
year=2008,
title={Public Administration in Montenegro: salary schemes, reward systems and opportunities for professional advancement in law and practice}, 
address={Podgorica},
publisher={Institut Alternativa}}

@misc{ear,
editor={EAR (European Agency for Reconstruction)},
year=2006,
title={Former Yugoslav Republic of Macedonia. Annual Programe},
address={Brussels}} 

@conference{emenou,
author={Emerson, Michael and Noutcheva, Gergana},
title={Promoting Democracy and the Rule of Law: EU and US Strategies and Instruments},
note={Conference of the Center for Democracy, Development and the Rule of Law, 4-5 Oktober, 2004},
organization={Stanford University}
}
@misc{eurbar,
howpublished={Eurobarometer},
year=2009,
title={Views on European Enlargement, Summary},
address={Brüssel}} 

@misc{euko01,
howpublished={Europäische Kommission},
year=2001,
title={Europäisches Regieren. Ein Weißbuch},
address={Brüssel}} 

@misc{euko05,
howpublished={Europäische Kommission},
year=2005,
title={Albanien. Fortschrittsbericht},
address={Brüssel}} 

@misc{euko07,
howpublished={Europäische Kommission},
year=2007,
title={Die Erweiterung verstehen. Die Erweiterungspolitik der Europäischen Union},
address={Brüssel}} 

@misc{eurrat,
howpublished={Europäischer Rat},
year=1995,
title={Pressemitteilung 16.12.1995},
address={Madrid}} 

@misc{eurrh,
howpublished={Europäischer Rechnungshof},
year=2007,
title={Sonderbericht über die Verwaltung des Programms CARDS durch die Kommission, zusammen mit den Antworten der Kommission},
} 

@misc{eurpar,
howpublished={Europäisches Parlament},
year=2011,
title={Entschließung vom 9. März 2011 zum Prozess der Integration Montenegros in die Europäische Union in: Amtsblatt der Europäischen Union}
} 

@misc{eurcom05,
howpublished={Europäisches Parlament},
year=2005,
title={Guide to the main administrative structures required for implementing the Acquis. Informal working document},
address={Brussels}
} 

@misc{eurcom06,
howpublished={European Commission},
year=2006,
title={Sector Fiche 1.2. to Action Programme 2006 for the Former Yugoslav Republic of Macedonia},
address={Brussels}
} 

@misc{eurcom06a,
howpublished={European Commission},
year=2006,
title={Accompanying measures in the context of Bulgaria and Romania’s Accession},
address={Brussels}
} 

@misc{eurcom06b,
howpublished={European Commission},
year=2006,
title={Enlargement Strategy and Main Challenges 2006 – 2007},
address={Brussels}
} 

@misc{eurcom07,
howpublished={European Commission},
year=2006,
title={Institution Building in the Framework of European Union Policies, Common Twinning Manual},
address={Brussels}
} 

@misc{eurcom09,
howpublished={European Commission},
year=2009,
title={Albania, Progress Report SEC(2009) 1337, accompanying the Communication from the Commission to the European Parliament and the Council. Enlargement Strategy and Main Challenges 2009-2010},
address={Brussels}
} 

@misc{eurcom09a,
howpublished={European Commission},
year=2009,
title={Communication from the Commission to the Council and the European Parliament. Instrument for Pre-Accession Assistance (IPA). Multi-Annual Indicative Financial Framework for 2011-13},
address={Brussels}
} 

@misc{eurcom10,
howpublished={European Commission},
year=2010,
title={Analytical Report accompanying the Commission Opinion on Albania’s application for membership of the European Union},
address={Brussels}
} 

@misc{eurcom10a,
howpublished={European Commission},
year=2010,
title={ Instrument for Pre-Accession Assistance (IPA), Multi-annual Indicative Planning Document (MIPD) 2011-2013 Multi-Beneficariy},
address={Brussels}
} 

@misc{eurcom11,
howpublished={European Commission},
year=2011,
title={ Mid-term Meta Evaluation of IPA Assistance},
note={http://ec.europa.eu/enlargement/pdf/financial\_assistance/phare/evaluation/20110912\_meta\_eval\_final.pdf}},
address={Brussels}
}
%
%European Commission (2011): Mid-term Meta Evaluation of IPA Assistance, Brüssel. http://ec.europa.eu/enlargement/pdf/financial_assistance/phare/evaluation/20110912_meta_eval_final.pdf
%
%European Commission (2011a): The Former Yugoslav Republic of Macedonia 2011 Progress Report, Brussels.
%
%European Commission (2011b): Standard Summary Project Fiche – IPA centralised programmes Project Fiche: 3, Montenegro, Brussels.
%
%European Movement Albania (2010): Accessing Integration. Problems and Solutions to Adapting IPA in Albania, Bosnia and Herzegovina, Montenegro and Macedonia, Tirana.
%
%EPEC - European Policy Evaluation Consortium () (2011): Evaluation to support the preparation of pre-accession financial instruments beyond 2013, Brüssel.
%
%Faroqhi, Suraiya/Adanir, Fikret (2002): The Ottomans and the Balkans, A discussion of Historiography, Leiden.
%
%Featherstone, Kevin/Radaelli, Claudio (2003): The Politics of Europeanization, Oxford.
%
%Fischer, Bernd (1984): King Zog and the Struggle for Stability in Albania, New York.
%
%Flick, Uwe (2008), Triangulation. Eine Einführung, Wiesbaden. 
%
%Flick, Uwe (2010): Qualitative Sozialforschung. Eine Einführung, Hamburg.
%
%Foucault, Michel (1973): Archäologie des Wissens, Baden-Baden.
%
%Freund, Reiner (2007): European Agency for Reconstruction. Delivering on Promises: The European Agency for Reconstruction in Montenegro.
%http://ec.europa.eu/enlargement/archives/ear/publications/main/documents/EAR-Article-Montenegro_Sept2007.pdf (Aufgerufen: 19.8.2012).
%
%Gallup (2010): Balkan Monitor. Insights and Perceptions: Voices of the Balkans, Brüssel.
%
%Nations in Transit (2010): Albania, New York.
%
%Gläser, Jochen/Laudel, Grit (2010): Experteninterviews und qualitative Inhaltsanalyse, Wiesbaden.
%
%Goetz, Karl Heinz (2001a): European Integration and national executives: a cause in search of an effect?, in: West European Politics 23 (4, special issue), S. 211-231.
%
%Goetz, Karl Heinz (2001b): „Making Sense of Post-Communist Central Administration: Modernization, Europeanization or Latinization?”, in: Journal of European Public Policy 8(6), S. 1032-1051.
%
%Goetz, Karl Heinz/Wollmann, Helmut (2001): Governmentalizing Central Executuves in Post-Communist Europe: A Four-Country Comparison. Journal of European Public Policy 8(6), S. 864-887.
%
%Government of Albania (2009): Comments by the Albanian delegation to the Parliamentary Assembly on the preliminary draft report, Brussels. 
%
%Government of Montenegro (2003): Public Administration Reform Strategy in Montenegro 2002-2009, Podgorica. 
%
%Government of Montenegro (2011): Strategy of Public Administration in Montenegro 2011-2016, „AURUM”, Podgorica.
%
%Grabbe, Heather (1999): A Partnership for Accession? The Implications for Conditionality for the Central and Eastern European Applicants, RSC Working Paper 99/12, Florenz.
%
%Grabbe, Heather (2001): „How does Europeanization affect CEE governance? Conditionality, diffusion and diversity", in: Journal of European Public Policy, 8 (6), S.1013-1031. 
%
%Grabbe, Heather (2002): European Union Conditionality and the Acquis Communautaire, in: International Political Science Review, Nr. 3. S. 249-252.
%
%Grabbe, Heather (2003) Europeanisation goes East: power and uncertainty in the EU accession process, in: Featherstone, Kevin/Radaelli, Claudio (Hg.): The Politics of Europeanisation, Oxford, S. 303-31.
%
%Grabbe, Heather (2005): The EU's transformative power: Europeanization through conditionality in Central and Eastern Europe, Basingstoke.
%
%Grothusen, Klaus-Detlev (1975): Südosteuropa-Handbuch. Jugoslawien, Göttingen.
%
%Hall, PA/Taylor RCR (1996): Political Science and the three neo Institutionalisms, in: Political Studies XLIV, S. 936-57. 
%
%Hasluk, Margret (1954): The unwritten law of Albania, Cambridge.
%
%Hensell, Stephan (1999): Staatenbildung und Staatszerfall in Albanien. Zur Theorie des Staates in Übergangsgesellschaften, Hamburg.
%
%Hensell, Stephan (2004): Periphere osteuropäische Staaten, Zum patrimonalen Sozialismus und seiner Transformation, in : WeltTrends, Nr. 45, S. 11-24.
%
%Hensell, Stephan (2009): Die Willkür des Staates. Herrschaft und Verwaltung in Osteuropa, Wiesbaden.
%
%Héritier, Adrienne u.a. (2001): Differential Europe: EU Impact on National Policy Making, Lanham.
%
%Hermanns, Harry (2000): Interviewen als Tätigkeit, in: Flick, Uwe et al. (Hg.), Qualitative Forschung – Ein Handbuch, Hamburg, S. 360-369.
%
%Hill, Hermann, (2006): Nachhaltige Verwaltungsmodernisierung, Discussion Paper, Speyer.
%
%Hösch, Edgar/ Nehring, Karl/Sundhausen, Holm (Hg.) (2004): Lexikon zur Geschichte Südosteuropas, Wien, Köln, Weimar.
%
%Hopf, Christel (1982): Norm und Interpretation. Einige methodische und theoretische Probleme der Erhebung und Analyse subjektive Interpretationen in qualitativen Untersuchungen, in: Zeitschrift für Soziologie 1, S. 307-329.
%
%Hoxha, Artan (2002): Local Self-Government and Decentralization. The Case of Albania. History, Reforms and Challenges, Tirana. 
%
%HTSPE (2010): Mid-term Meta Evaluation of IPA Assistance , Hempstead.
%
%Huntington, Samuel (1991): The Third Wave. Democratization in the Late Twentieth Century, Oklahoma.
%
%Huszák, Loretta (2005): EU-induzierter politischer Wandel in den neuen Mitgliedstaaten. Von der Transformation zu den neoinstitutionellen Ansätzen, in: Salimi-Asl, Cyrus (Hg.), Die Transformation nationaler Politik. Europäisierungsprozesse in Mitteleuropa, Berlin, S. 51-76.
%
%Huszka, Beata (2010): The next enlargement round – the Balkan Callenge; Center for EC Enlargement Studies, Policy paper No.1, Budapest.
%
%IPS (Office of International Policy Services) (1999): An Evaluation of Phare Public Administration Reform Programmes, Final Report, Brüssel.
%
%Jarvis, Christopher (1999): The Rise and Fall of the Pyramid Schemes in Albania, IMF Working Paper, Washington. 
%
%Jenei György (2009): A Post-accession Crisis? Political Developments and Public Sector Modernizationin Hungary, Working Paper No. 67, Bamberg Economic Research Group on
%Government and Growth.
%
%Jick, Thomas (1983): Mixing Qualitative and Quantitative Methods: Triangulation in Action, in: van Maanen, John (Hg.), Qualtiative Methodology. London, Thousand Oakes, New Dehli, S. 135-148.
%
%Kaser, Karl (1992): Hirten, Kämpfer, Stammeshelden. Ursprünge und Gegenwart des balkanischen Patriarchats, Wien.
%
%Kaufmann, Daniel/Kraay, Aart/Mastruzzi, Massimo (2007): Governance Matters VI: Governance Indicators for 1996-2006. World Bank Policy Research Working Paper No. 4280. 
%
%Kelle, Udo (2008), Die Integration qualitativer und quantitativer Methoden in der empirischen Sozialforschung. Theoretische Grundlagen und methodologische Konzepte, Wiesbaden. 
%
%Kelley, Judith (2004): International Actors on the domestic Scene: Membership Condtioinality and Socialisation by International Institutions, in: International Organization, Vol 58, No. 3, S. 425-57.
%
%Kempe, Iris/van Meurs, Wim (2003): Europe beyond EU Enlargement, in: van Meurs, Wim: Prospects and Risks Beyond EU Enlargement. Southeastern Europe: Weak States and Strong International Support, Opladen, S. 11-75.
%
%Killick, Tony (1998): Aid and the Political Economy of Policy Change. London, New York.
%
%Kinder, Hermann/Hilgemann, Werner (2002): dtv-Atlas-Weltgeschichte, Band 2. Von der Französischen Revolution bis zur Gegenwart, München.
%
%Kirch, Paul (1928): Krieg und Verwaltung in Serbien und Mazedonien 1916-1918, Stuttgart.
%
%König, Klaus (1992): The Transformation of a „Real-Socialist” Administrative System into a
%Conventional Western European System. International Review of Administrative
%Sciences, 58, S. 147-176.
%
%Kneuer, Marianne (2009): Externe Faktoren der Demokratisierung – zum Stand der Forschung, in: Erdmann, Gero/Kneuer, Marianne (Hg.), Externe Faktoren der Demokratisierung, Baden-Baden, S. 9-35. 
%
%Knill, Christoph. (2001): The Europeanization of National Administrations: Patterns of Institutional Change and Persistence, Cambridge.
%
%Kneuer, Marianne (2007): Demokratisierung durch die EU, Süd- und Ostmitteleuropa im Vergleich, Wiesbaden.
%
%Knill, Christoph/ Lenschow, A (2001): Adjusting to EU environmental policy: Change and persistence of domestic administration, in: Cowles, Maria Green/Caporaso, James/Risse, Thomas, (Hg.) (2001): Transforming Europe: Europeanization and domestic change. Ithaca, S. 116–36.
%
%Kochenov, Dimitry (2008): EU Enlargement and the Failure of Conditionality. Pre-accession Conditionality in the Fields of Democracy and the Rule of Law, Alphen aan den Rijn.
%
%Kohler-Koch, Beate (2000): Europäisierung: Plädoyer für eine Horizonterweiterung, in : Knodt, Michèle/Kohler-Koch, Beate: Deutschland zwischen Europäisierung und Selbstbehauptung, Frankfurt a.Main/New York, S. 11-31.
%
%Königová, Lucie (2006): Twinning Projects: Analyzing the Experience of „Old” EU Member States and Evaluating Benefits of Twinning Out for the Czech Republic, Prag.
%
%Koprić, Ivan (o.J.): Administrative Justice on the Territory of former Yugoslavia, Zagreb.
%
%
%Kreile, Michael (2004): Die Osterweiterung der Europäischen Union, in: Weidenfeld, Werner: Die Europäische Union. Politisches System und Politikbereiche, Bonn, Berlin, S. 650-672.
%
%Kruse, Jan (2011): Reader „Einführung in die Qualitative Interviewforschung“, Freiburg.
%
%Kubicek, Paul  (Hg.) (2003): The European Union and Democratization, New York.
%
%Kuhlmann, Sabine (2003): Rechtsstaatliches Verwaltungshandeln in Ostdeutschland. Eine Studie zum Gesetzesvollzug in der lokalen Bauverwaltung, Opladen.
%
%Kuhlmann, Sabine/Wollmann, Hellmut (2010): Verwaltung in Europa. Verwaltungssysteme und –reformen in vergleichender Perspektive, Studienkurs an der Fern-Universität Hagen.
%
%Lampe, John (2000): Yugoslavia as History. Twice there was a Country, Cambridge.
%
%Lavenex, S.(2004): EU external governance in ‘wider Europe’, in: Journal of European Public Policy 11, Nr. 4, S. 680–701.
%
%Libal, Wolfgang (1991): Das Ende Jugoslawiens. Chronik einer Selbstzerstörung, Wien.
%
%Linden, Ronald (2002), Norms and Nannies. The Impact of International Organizations on the Central and Eastern European States, Lanham.

%Linz, Juan/Stepan, Alfred (1996): Problems of Democratic Transition and Consolidation. Southern Europe, South America, and Post-Communist Europe, Baltimore.
%
%Lippert, Barbara/Becker, Peter (1998). Structured Dialogue Revisited: the EU’s Politics of Inclusion and Exclusion, in: European Foreign Affairs Review 3(3), S. 341–365.
%
%Lippert, Barbara/ Schneider, Heinrich (Hg.) (1995): Monitoring Association and Beyond. The European Union and the Visegrád States, Bonn.
%
%Lippert, Barbara/Umbach, Gaby (2004): Verwaltungen in Mittel- und Osteuropa unter Europäisierungsdruck: Phasen – nationale Differenzierungen – Szenarien, in: integration 1-2/2004, S. 56-74.
%
%Lippert, Barbara/Umbach, Gaby (2005): The pressure of Europeanization: from post-communist state administrations to normal players in the EU system, Baden-Baden. 
%
%Lippert, Barbara/Umbach, Gaby/ Wessels, Wofgang (2001): Europeanization of CEE executives: EU membership negotiation as a shaping power,in: Journal of European Public Policy 8 (6), S. 980-1012.
%
%Luchterhand, Otto (Hg.) (2001): Verwaltung und Verwaltungsrecht im Erneuerungsprozeß Osteuropas, Berlin.
%
%Mair, Peter (2004): The Europeanization Dimension, in: Journal of European Public Policy 11(2), S. 337–348.
%
%Malahova, Maja (2010): Jahresbericht der Kommission für Beschwerden an öffentlichen Beschaffungen, Skopje.
%
%Mangenot, Michel (2005): Öffentliche Verwaltungen und Dienstleistungen von allgemeinem Interesse: welche Europäisierung?, Maastricht.
%
%March, James/Olsen, Johan (1989): Rediscovering Institutions. The Organizational Basis of Politics, New York.
%
%Markic, Lovren (2004): National Case-Study: Public Administration in the Republic of Macedonia, Skopje.
%
%Marwedel, Hanna (2012): Die Stabilisierungs- und Assoziierungsabkommen der EU in den Staaten des Westlichen Balkans, Dissertation, Hamburg. 
%
%Mayhew, Alan (1998): Recreating Europe. The European Union’s policy towards Central and Eastern Europe, Cambridge.
%
%Mény, Yves (1996): Introduction, in: Mény, Yves/ Muller,  Pierre/ Quermonne, Jean-Louis (Hg.): Adjusting to Europe: The impact of the European Union on national institutions and policies, London, S. 1–24.
%
%Merkel, Wolfgang/Puhle, Hans-Jürgen (1999): Von der Diktatur zur Demokratie, Opladen, Wiesbaden.
%
%Meuser, Michael/Nagel, Ulrike (2002a): Experteninterviews – vielfach erprobt, wenig bedacht. Ein Beitrag zur qualitativen Methodendiskussion, in: Bogner, Alexander/Littig, Beate/Menz, Wolfgang (Hg.):Das Experteninterview. Theorie, Methode, Anwendung, Opladen, S. 71-95.
%
%Schmitz, Anna Ineke (2004): Union Serbien und Montenegro, in: Meyer, Christian/Vogt, Marcus (Hg.): CIMIC-Faktoren VI: Neuanfänge ex-jugoslawischer Republiken und Provinzen, Arbeitshefte 165, Speyer, S. 105-139.
%
%Meyer-Sahling, Jan-Hinrik (2006): The Institutionalisation of Political Discretion in East-Central European Civil Services: The Case of Hungary, in: Public Administration 84(3), S. 693-716.
%
%Meyer-Sahling, Jan-Hinrik (2008): The Changing Colours of the Post-Communist State: The Politicisation of the Senior Civil Service in Hungary, in: European Journal of Political Research 47(1), S. 1-33. 
%
%Meyer-Sahling, Jan-Hinrik (2008a): Varieties of Legacies: A Critical Review of Public Administration Reform in East Central Europe, EUI Working Papers, Florenz.
%
%Meyer-Sahling, Jan-Hinrik (2012): Civil Service Professionalisation in the Western Balkans, SIGMA Paper No. 48, Paris.
%
%Močnik, Rastko (1993): Die Machtmechanismen des Übergangs, in: Bremer, Alida (Hg.) (1993): Jugoslawische (Sch)Erben. Probleme und Perspektiven, Münster, S. 129-147.
%
%Møller, Bjørn (2008): European Security: The Role of the European Union, Working Paper 29, Danish Institute for International Studies, Kopenhagen.
%
%Moravcsik, Andrew/Vachudova, Milada (2003): National interests, state power and ‘EU enlargegment, in: East European Politics and Societies 17(1), S. 42-57.
%
%Morrissey, Olivier (2004): Conditionality and Aid Effectiveness Re-evaluated, in: World Economy, Band 27, S. 153-171.
%
%Mungiu-Pippidi, Alina (2008): The EU as a Transformation Agent. Lessons learned from governance reforms in East Central Europe, Hertie School of Governance – working papers, No. 33.
%
%Muś, Jan (2008): Western Balkans in the policy of the EU and its member states, in: Office of the Committee for European Integration, The Western Balkans and The European Integration. Perspectives and Implications, Warschau. S. 7-24.
%
%Noutcheva, Gergana (2007): Fake, Partial and Imposed Compliance. The Limits of the EU’s Normative Power in the Western Balkans, CEPS Working Document No. 274.
%
%OECD/SIGMA (1999): European Principles for Public Administration, SIGMA Papers
%No.27, Paris.
%
%OECD/SIGMA (2004): Public Administration in the Balkans: Overview, Paris.
%
%OECD/SIGMA (2008): Albania: General Administrative Framework, Assessment Report, Paris. 
%
%OECD/SIGMA (2008a ): Montenegro: General Administrative Law Framework, Assessment Report, Paris. 
%
%OECD/SIGMA (2008b): Montenegro: Public Service, Assessment Report, Paris. 
%
%OECD/SIGMA (2009b): Albania: Public Service Assessment, Assessment Report, Paris. 
%
%OECD/SIGMA (2010): Assessment Montenegro. Civil Service and Administrative Law, Paris.
%
%OECD/SIGMA (2010a): Assessment Albania. Civil Service and Administrative Law, Paris. 
%
%OECD/SIGMA (2010b): Assessment the former Yugoslav Republic of Macedonia, Paris.
%
%OECD/SIGMA (2011): Assessment Montenegro, Paris.
%
%OECD/SIGMA (2011a): Assessment Albania, Paris.
%
%OEZA (2006): Albanien Landesprogramm 2007–2009, Wien.
%
%O’Donnell, James (1999): A coming of Age. Albania under Enver Hoxha, New York. 
%
%Olsen, Johan (2002): The many faces of Europeanization, in: Journal of Common Market Studies 40 (5), S. 921-952.
%
%OMAS Consortium (2001): Assessment of the European Union PHARE Programmes. Thematic Report on Public Administration Reform, Brüssel.
%
%Opfer, Björn (2005): Im Schatten des Krieges, Besatzung oder Anschluss – Befreiung oder Unterdrückung. Eine komparative Untersuchung über die bulgarische Herschaft in Vardar-Makedonien 1915-1918 und 1941-1944. 
%
%Opitz, Alfred/Adlgasser, Franz (Hg.) (1990): Der Zerfall der europäischen Mitte. Staatenrevolution im Donauraum. Berichte der Sächsischen Gesandtschaft in Wien 1917-1919, Graz.
%
%OSCE/ODIHR (2009): Montenegro Early Parliamentary Elections 29 March 2009. Election Observation Mission Final Report.
%
%OSCE/ODIHR (2011): Macedonia Early Parliamentary Election 5 June 2011. Election Observation Mission Final Report. 
%
%OSCE Presence in Albania (2012): Head of OSCE Presence in Albania welcomes adoption of administrative court law, press release, Tirana.
%
%Papadimitriou, Dimitris (2002): Exporting Europeanisation: EU Enlargement, the Twinning Exercise and Administrative Reform in Eastern Europe, Turin, Bradford
%
%Péteri, Gábor/ Zentai, Violetta (2002): Lessons on Successful Reform Management, in: Péteri, Gábor: Mastering Decentralization and Public Administration Reforms in Central and Eastern Europe, Budapest.
%
%Phinnemore, David (2005): The Changing Dynamics of EU Enlargement, presentation to the conference: South East Europe: The EU’s Next Enlargement, Oxford.
%
%Pickering, Paula (2011): Evaluating the EU State-Building Model in the Western Balkans, Seattle.
%
%Pridham, Geoffrey (1991): International Influences and Democratic Transitions: Problems of Theory and Practice in Linkage Politics: in: Pridham, Geoffrey (Hg.), Encouraging Democracy: The International Context of Regime Transition in Southern Europe, London, S. 1-29. 
%
%Pridham, Geoffrey (1995): The International Context of Democratic Consolidation: Southern Europe in Comparative Perspective, in: Gunther, Richard/Diamanouros, Nikiforos/Puhle, Hans-Jürgen (Hg.), The Politics of Democratic Consolidation, Southern Europe in Comparative Perspective, Baltimore, S. 166-204.
%
%Pridham, Geoffrey (1999): The EU and Eastern Europe, in: Grugel, Jean (Hg.): Democracy without Borders. Transnationalization and conditionality in new democracies, London, New York, S. 59-75.
%
%Pridham, Geoffrey (2005): Designing democracy: EU enlargement and regime change in post-communist Europe, Basingstoke. 
%
%Pridham, Geoffrey (2007): 'Change and Continuity in the European Union's Political Conditionality: Aims, Approach, and Priorities', in: Democratization 14 (3), S. 446 — 471.
%
%Pridham, Geoffrey (2008):International factors in democratization, their scope and limitations: European comparative perspectives on the post-Cold War world, in: Teixeira, Nuno, Severiano (Hg.): The international politics of democratization: comparative perspectives, New York.
%
%Putnam, Robert (1988):  Diplomacy and domestic politics: the logic of two-level games, in: International Organisations 3, S. 427-460. 
%
%Radaelli, Claudio (2000) ‘Wither Europeanization? Concept stretching and substantive change’, in: European Integration Online Papers 4(8), S. 1-28. 
%
%Radaelli, Claudio/Pasquier, Romain (2007): Conceptual Issues, in: Graziano, Paolo/Vink, Marten (Hg.) Europeanization. New Research Agendas, Eastbourne, S. 35-46.
%
%Raadschelder, Jos/Rutgers, Mark (1999): The Waxing and Waning of the State and its Study: Changes and Challeenges in the srudy of Public Administration, in: Kickert, Walter/Stillman, Richard (Hg.): The Modern State and its Study: New Administrative Sciences in a changing Europe and United States, Aldershot.
%
%Ramet, Sabrina (2011):  Die drei Jugoslawien. Eine Geschichte der Staatsbildungen und ihre Probleme, München. 
%
%Republic of Macedonia (2004): National Strategy for European Integration of the Republic of Macedonia, Skopje.
%
%Republic of Macedonia (2012): Fiscal Decentralization for Local Development, Skopje.
%
%Reuter, Jens (1986): Zur Reform des politischen Systems in Jugoslawien, in: Südosteruopa. Zeitschrift für Gegenwartsforschung 35 (7/8), S. 393-408.
%
%Risse, Thomas(Hg.) (2001): Transforming Europe: Europeanization and domestic change. Ithaca, London.
%
%Roggemann, Herwig (1977), Die neuere Verfassungsentwicklung in Jugoslawien, in: Schroeder, Friedrich-Christian/Meissner, Boris (Hg.): Verfassungs- und Verwaltungsreform in den sozialistischen Staaten, Berlin. S. 257- 321.
%
%Sabel, Charles/ Zeitlin, Jonathan (Hg.) (2010): Experimentalist Governance in the European Union: Towards a New Architecture, Oxford. 
%
%Scherman, Karin/Stimme, Gernot/Thöndl, Michael (2007): Die Europäische Union. Institutionen-Verfahren-Akteure, Wien.
%
%Schimmelfennig, Frank/ Schwellnus, Guido (2007): Politiktransfer durch politische Konditionalität. Der Einfluss der EU auf die Nichtdiskriminierungs- und Minderheitenschutzgesetzgebung in Mittel- und Osteuropa, in: Politische Vierteljahresschrift Sonderheft 38 , S. 271-296.
%
%Schimmelfennig, Frank/Sedelmeier, Ulrich (2004): Governance by conditionality: EU rule transfer to the candidate countries of Central and Eastern Europe, in: Journal of European Public Policy 11, S. 669-687.
%
%Schimmelfennig, Frank/Sedelmeier, Ulrich (Hg.) (2005): The Politics of European Union Enlargement: Theoretical Approaches, London.
%
%Schimmelfennig, Frank/Sedelmeier, Ulrich (2005a): “Introduction: Conceptualizing the Europeanization of Central and Eastern Europe”, in: Dies. (Hg.): The Europeanization of Central and Eastern Europe. Ithaca and London, S. 1-28. 
%
%Schimmelfennig, Frank/Sedelmeier, Ulrich (2005b). Conclusions: The Impact of the EU on the AccessionCountries in: Frank Schimmelfennig and Ulrich Sedelmeier (Hg.) The Europeanization of Central and Eastern Europe, Ithaca, London, S. 210-29. 
%
%Schimmelfennig, Frank/Engert, Stefan/Knobel, Heiko (2006). International Socialization in Europe: European Organizations, Political Conditionality, and Democratic Change, Basingstoke.
%
%Schirmer, Dominique (2009): Empirische Methoden der Sozialforschung. Grundlagen und Techniken, Paderborn. 
%
%Schmitz, Andrea (2009): Entwicklungspolitische Konditionalität und Demokratisierung, in: Erdmann, Gero/Kneuer, Marianne (Hg.), Externe Faktoren der Demokratisierung, Baden-Baden, S. 127-145. 
%
%Schröter, Eckhard /Maravic, Patrick von (2007): A European Public Management Profession in the Making? The Role of Professional Academic Institutions in a Changing Scene of Public Sector Training, EGPA-Konferenz "Public Administration and the Management of Diversity", Madrid. 
%
%Schulze, Holger (1997): Neo-Institutionalismus. Ein analytisches Instrument zur Erklärung gesellschaftlicher Transformationsprozesse, Osteuropa-Institut der Freien Universität Berlin, Arbeitspapiere des Bereichs Politik und Gesellschaft Heft 4/1997.
%
%Schwanke, Helmut (1982): Zur Geschichte der österreichisch-ungarischen Militärverwaltung in Albanien (1916-1918), Dissertation, Wien. 
%
%Selenica, Blerta (2006): Aspects of Reforming Public Administration in Albania, Tirana. 
%
%Senatskanzlei Berlin (2008), Referat Angelegenheiten der EU, http://www.berlin.de/rbmskzl/europa/foerderprogramme/ipa.html
%
%Sevic, Zeljko/Rabrenovic, Aleksandra (1999): The Civil Service of Yugoslavia: Tradition vs. Transition, in: Verheijen, Tony (Hg.): Civil Service Systems in Central and Eastern Europe, Cheltenham, S. 47-82.
%
%Skarica, Mihovil (2012): Public Administration Reform in a Fragile Institutional Framework, in: Croatian and Comparative Public Administration 2, S. 361-389.
%
%Solana, Javier (2003): A Secure Europe in a Better World, European Council, Thessaloniki, 20.6.2003.
%http://www.econstor.eu/bitstream/10419/41490/1/55936282X.pdf
%
%Staar, Richard (1988): Communist Regimes in Eastern Europe, Stanford.
%
%Stanislawski, Wojciech (2008): Montenegro, in: Western Balkans in the policy of the EU and its member states, in: Office of the Committee for European Integration, The Western Balkans and The European Integration. Perspectives and Implications, Warschau, S. 52-58.
%
%Summa, Timo (2008): The European Union’s 5th Enlargement – Lessons Learned, Harvard Fellow Program.
%
%Sverdrup, Ulf (2000): Ambiguity and Adaptation – Europeanization of Administrative Institutions as Loosely Coupled Processes, ARENA report No. 8, Oslo.
%
%Szente, Zoltán (2008): The effects of Europeanization on administrative culture – From Myths to Reality, in: Beck, Joachim/Thedieck, Franz (Hg.): The European Dimension o Administrative Culture, Baden-Baden, S. 40-59. 
%
%Szpala, Marta (2008): Macedonia, in: Office of the Committee for European Integration, The Western Balkans and The European Integration. Perspectives and Implications, Warschau. 
%
%Scheer, Tamara (2008): Österreich-Ungarns Umgang mit den besetzten Eliten des Balkans während des Ersten Weltkriegs im Vergleich mit aktuellen internationalen Friedensmissionen, in: Internet-Zeitschrift für Kulturwissenschaften Nr. 17.
%
%Töpfer, Jochen (2012): Politische Eliten in Slowenien und Makedonien: Rationale oder symbolische Politik, Wiesbaden.
%
%Tomalová, Eliška/Tulmets, Elsa (2007): Twinning Projects: Analysing the Experience of „old” EU Member States and Evaluatin the Benefits of Twinning Out for the “new” EU Member States, in: Egberg, Morten: Institutional Dynamics and the Transformation of Executive Politics in Europe, Mannheim, S. 379-429.
%
%Torreblanca, José Ignacio (1997): The European Community and Central and Eastern Europe (1989-1993): Foreign Policy and decision making. Madrid. 
%
%Tulmets, Elsa (2005): The introduction of open method of coordination in the European enlargement policy: analysing the impact of the new Phare/twinning instrument’, in: European Political Economy Review 3(1), S. 54–90.
%
%Tulmets, Elsa (2006): The European Neighbourhood Policy: A Framework for Modernisation? Workshop at the European University Institute 1-2 December 2006, Florenz.
%
%UNDP (1995): Public Sector Management, Governance and Sustainable Human Development. A discussion paper. Management Development and Governance Division, New York.
%
%UNPAN (2003): The critical role of Innovation and Public Administration in Economic and Social Development, Beirut.
%http://unpan1.un.org/intradoc/groups/public/documents/unescwa/unpan010862.pdf
%
%Vachudova, Milada (2001): The leverage of international institutions on democratizing states: Eastern Europe and the European Union, RSCAS Working Paper No. 2001/22, European University Institute, Florenz. 
%
%Vachudova, Milada (2005): Europe Undivided: Democracy, Leverage and Integration after Communism, Oxford. 
%
%Vavpetič, Lado (1973): Jugoslawien. Arbeitsverhältnisse in der öffentlichen Verwaltung sowie in den übrigen öffentlichen Diensten, in: Kaiser, Joseph et. al.: Recht und System des öffentlichen Dienstes. Baden-Baden., 105-221.
%
%Verheijen, Tony (2006): Administrative Capacity in the New EU Member States. The Limits of Innovation? World Bank Report, Washington.
%
%Verheijen, Tony (2009): The what, when and how of governance in Europe and the CIS: a reform agenda sui generis, in: Development & Transition 12, S. 2-5.
%
%Verheijen, Tony/ Connaughton, Bernadette (2003): Public Administration Education and Europeanization: Prospects for the Emancipation of a Discipline? In: Public Administration 81(4), S. 833-851.
%
%Vertrag von Lissabon (2009): Vertrag von Lissabon zur Änderung des Vertrages über die Europäische Union und des Vertrages zur Gründung der Europäischen Gemeinschaft: http://www.auswaertiges-amt.de/cae/servlet/contentblob/358380/publicationFile/3092/vertrag-von-lissabon.pdf
%
%Vickers, Miranda (1995): The Albanians. A modern History, London.
%
%Vollmer, Claudia (2007): Dezentralisierung des öffentlichen Sektors in Albanien im Spannungsfeld von Verwaltungsmodernisierung und EU-Annäherung. Masterarbeit im Studiengang „Öffentliches Management“ zur Erlangung des Grades „Master of Public Administration“ (MPA) im Fachbereich Wirtschaftswissenschaften der Universität Kassel. Kassel.
%
%Vollmer, Claudia (2009): Verwaltungsentwicklung in Transformationsländern. Das Beispiel Dezentralisierung in Albanien, in: Emde, Monika/ Mintken, Karl-Heinz/ Reese, Jürgen (Hg.): Auslandsstudien als Anregung für Reformer, Schriftenreihe Moderne Verwaltungsentwicklung, Band 5, Münster, S. 125-146-
%
%Vuković, Svetlana (2009): Vortrag, Budva. http://www.oecd.org/dataoecd/49/15/42755061.pdf
%
%Weithmann, Michael (2000): Balkan Chronik. 2000 Jahre zwischen Orient und Okzident. Regensburg.
%
%Weltbank (2012): Worldwide Governance Indicators, http://info.worldbank.org/governance/wgi/resources.htm (Aufgerufen 29.11.2012).
%
%Winnifrith, Tom (Hg.) (1992): Perspectives on Albania, Hampshire.
%
%Youngs, Richard (2001): The EU and the Promotion of Democracy, Oxford.
%
%Zhelyakova, Antonia (2002): Islamization in the Balkans, in: Faroqhi, Suraiya/Adanir, Fikret, (2002). The Ottomans and the Balkans, A discussion of historiography, Leiden, S. 223-267
%
%Ziller, Jaques (1998): EU Integration and Civil Service Reform, in: OECD/SIGMA: Preparing Public Administrations for the European Administrative Space, SIGMA Paper 23, Paris, S. 136-155.
%
%Zink, Richard (2007): Delivering on promises to the Western Balkans: The European Agency for Reconstruction, Brüssel.
%
%
%Archivquellen:
%Haus-, Hof- und Saatsarchiv, Wien (HHSTA)
%
%HHSTA, PA XVII Montenegro, Kt. 29, Berichte Weisungen 1910-1911, Bericht Freiherr von Giesl an österreichisches Außenministerium 24. Oktober 1911.
%
%HHSTA PA XVII Montenegro, Kt. 30 Berichte, Weisungen 1914, Übersetzung Regierungsprogramm, Beilage zu Bericht vom 6. Februar 1914).
%HHSTA, PA I, Kt. 998, 49f, Bericht des k.u.k. Gesandten an Außenministerium Mitte Dezember 1916.
%
%HHSTA, PA I, Kt. 998, 49g, k.u.k. Militärgouverneur von Weber an das k.u.k. Armeekommando, Cetinje, 6. Juni 1916.
%HHST, PA I, Karton 1001, Geheime Note des k.u.k. Chefs des Generalstabes, 28.Mai 1916, OP.No.25.492.
%
%HHSTA, PA I, Nr. 1001, Geheime Note des k.u.k. Chefs des Generalstabes, 28.Mai 1916, OP.No.25.492, Beilage 1.
%
%HHSTA, PA I, Karton 1001, Lagebericht Feldpostamt 140, 9.September 1916, Trollmann, k.u.k. XIX Korpskommando, E.V. Nr. 962/IX.
%
%HHSTA, PA I, Karton 1006, Z. 56/P.Kral, Shkodra, 5. April 1917. 
%
%HHSTA, PA I, Karton 1006, Z. 184
%
%HST, PA I, Karton 1006, Z. 184/P.Kral, Shkodra, 16. November 1916.
%
%HHSTA, PA I, Karton 1006, Nr. 163/P.Kral, Shkodra, 30. Juni 1918.
%Internetquellen
%http://www.europarl.europa.eu/brussels/website/media/modul_01/Zusatzthemen/Pdf/Acquis.pdf, (Aufgerufen: 10.9.2012).
%
%http://www.consilium.europa.eu/ueDocs/cms_Data/docs/pressData/de/ec/72924.pdf, 13, (Aufgerufen: 21.9.2012).
%
%http://www.stabilitypact.org/about/default.asp, (Aufgerufen: 1.9.2012).
%
%http://europa.eu/legislation_summaries/enlargement/western_balkans/r18003_de.htm, (Aufgerufen: 19.10.2012).
%
%http://europa.eu/legislation_summaries/enlargement/2004_and_2007_enlargement/e50004_en.htm, (Aufgerufen: 19.8.2012).
%
%http://ec.europa.eu/enlargement/archives/ear/publications/main/documents/EAR-Article-Montenegro_Sept2007.pdf, (Aufgerufen: 19.8.2012).
%
%http://www.svez.gov.si/nc/en/splosno/cns/news/article/2028/1265/Enlargement Package 2006, (Aufgerufen: 15.7.2010).
%
%http://ec.europa.eu/enlargement/archives/ear/publications/main/documents/EAR-Article-Montenegro_Sept2007.pdf, (Aufgerufen: 19.8.2012).
%
%http://assembly.coe.int/ASP/Doc/XrefViewPDF.asp?FileID=18947&Language=EN, (Aufgerufen: 5.10.2012).
%
%http://ec.europa.eu/enlargement/archives/ear/montenegro/montenegro.htm, (Aufgerufen: 5.10.2012).
%
%http://ec.europa.eu/enlargement/archives/ear/montenegro/montenegro.htm, (Aufgerufen: 5.10.2012).
%
%http://www.pad.gov.al/en/dap.html, (Aufgerufen: 24.10.2012).